<?xml version="1.0" encoding="UTF-8"?><collection xmlns="http://www.loc.gov/MARC21/slim"><record><leader>00316nam--2200121-i-4500</leader><controlfield tag="001">000009404</controlfield><controlfield tag="002">20161230</controlfield><controlfield tag="005">20161230201028</controlfield><controlfield tag="008">060222s1000------------r-----000-0-eng-d</controlfield><datafield ind1=" " ind2=" " tag="245"><subfield code="a">Dictionar tehnic roman-englez</subfield></datafield><datafield ind1=" " ind2=" " tag="260"><subfield code="a">Bucuresti, Ed.Tehnica, 1970</subfield></datafield><datafield ind1=" " ind2=" " tag="490"><subfield code="a">Ix+1117p</subfield></datafield><datafield ind1=" " ind2=" " tag="852"><subfield code="a">62(038)=002=590=20:801.323.2=590=20</subfield></datafield></record></collection>